<?xml version="1.0" encoding="UTF-8"?><collection xmlns="http://www.loc.gov/MARC21/slim"><record><leader>00573nam--2200181-i-4500</leader><controlfield tag="001">000026549</controlfield><controlfield tag="002">20161230</controlfield><controlfield tag="005">20161230201036</controlfield><controlfield tag="008">060222s1000------------r-----000-0-eng-d</controlfield><datafield ind1=" " ind2=" " tag="040"><subfield code="a">IFIN-HH</subfield></datafield><datafield ind1=" " ind2=" " tag="080"><subfield code="a">523.75</subfield></datafield><datafield ind1="1" ind2=" " tag="100"><subfield code="a">Marshak, R. E</subfield></datafield><datafield ind1="1" ind2="0" tag="245"><subfield code="a">Interscience monographs and texts in physics and astronomy. vol. vi. physics of the solar chromosphere</subfield><subfield code="c">R.e. marshak (ed.) richard n. thomas, r. grant athay (eds.)</subfield></datafield><datafield ind1=" " ind2=" " tag="260"><subfield code="a">New York</subfield><subfield code="b">Interscience</subfield><subfield code="c">1961</subfield></datafield><datafield ind1=" " ind2=" " tag="300"><subfield code="a">X+422P</subfield></datafield><datafield ind1="1" ind2=" " tag="700"><subfield code="a">Athay, R Grant</subfield><subfield code="e">Ed</subfield></datafield><datafield ind1=" " ind2=" " tag="852"><subfield code="a">15588</subfield><subfield code="c">53</subfield></datafield><datafield ind1=" " ind2=" " tag="CAT"><subfield code="a">Sys</subfield><subfield code="c">20150212</subfield><subfield code="h">224424</subfield></datafield></record></collection>